
@article{dubins1981machiavelli,
  title={Machiavelli and the Gale-Shapley algorithm},
  author={Dubins, Lester E and Freedman, David A},
  journal={The American Mathematical Monthly},
  volume={88},
  number={7},
  pages={485--494},
  year={1981},
  publisher={Taylor \& Francis}
}
@article{floreen2010almost,
  title={Almost stable matchings by truncating the Gale--Shapley algorithm},
  author={Flor{\'e}en, Patrik and Kaski, Petteri and Polishchuk, Valentin and Suomela, Jukka},
  journal={Algorithmica},
  volume={58},
  number={1},
  pages={102--118},
  year={2010},
  publisher={Springer}
}
@article{irving1987efficient,
  title={An efficient algorithm for the “optimal” stable marriage},
  author={Irving, Robert W and Leather, Paul and Gusfield, Dan},
  journal={Journal of the ACM (JACM)},
  volume={34},
  number={3},
  pages={532--543},
  year={1987},
  publisher={ACM New York, NY, USA}
}

@article{galeshapley1962,
author = {D. Gale and L. S. Shapley},
title = {College Admissions and the Stability of Marriage},
journal = {The American Mathematical Monthly},
volume = {69},
number = {1},
pages = {9-15},
year  = {1962},
publisher = {Taylor & Francis},
doi = {10.1080/00029890.1962.11989827},

URL = { 
        https://doi.org/10.1080/00029890.1962.11989827
    
},
eprint = { 
        https://doi.org/10.1080/00029890.1962.11989827
    
}
}

@book{irving1989textbook,
  added-at = {2011-04-12T00:00:00.000+0200},
  author = {Gusfield, Dan and Irving, Robert W.},
  biburl = {https://www.bibsonomy.org/bibtex/27386cef37a076b6b583c681efe97db6d/dblp},
  interhash = {e610e068327dc083dc2d7214b7b6205e},
  intrahash = {7386cef37a076b6b583c681efe97db6d},
  isbn = {978-0-262-07118-5},
  keywords = {dblp},
  pages = {I-XVII, 1-240},
  publisher = {MIT Press},
  series = {Foundations of computing series},
  timestamp = {2011-04-29T15:26:45.000+0200},
  title = {The Stable marriage problem - structure and algorithms.},
  year = 1989
}

@INPROCEEDINGS{iwama2008survey,
  author={K. {Iwama} and S. {Miyazaki}},
  booktitle={International Conference on Informatics Education and Research for Knowledge-Circulating Society (icks 2008)}, 
  title={A Survey of the Stable Marriage Problem and Its Variants}, 
  year={2008},
  volume={},
  number={},
  pages={131-136},
  doi={10.1109/ICKS.2008.7}}
  
  @article{lavner2010patterns,
  title={Patterns of change in marital satisfaction over the newlywed years},
  author={Lavner, Justin A and Bradbury, Thomas N},
  journal={Journal of Marriage and Family},
  volume={72},
  number={5},
  pages={1171--1187},
  year={2010},
  publisher={Wiley Online Library}
}
@article{hirschberger2009attachment,
  title={Attachment, marital satisfaction, and divorce during the first fifteen years of parenthood},
  author={Hirschberger, Gilad and Srivastava, Sanjay and Marsh, Penny and Cowan, Carolyn Pape and Cowan, Philip A},
  journal={Personal Relationships},
  volume={16},
  number={3},
  pages={401--420},
  year={2009},
  publisher={Wiley Online Library}
}

@article{duato2013mathematical,
  title={Mathematical modeling of the spread of divorce in Spain},
  author={Duato, Rub{\'e}n and J{\'o}dar, Lucas},
  journal={Mathematical and Computer Modelling},
  volume={57},
  number={7-8},
  pages={1732--1737},
  year={2013},
  publisher={Elsevier}
}

@article{Anshelevich2013,
  title={Anarchy, stability, and utopia: creating better matchings},
  author={Anshelevich, Elliot and Das, Sanmay and Naamad, Yonatan},
  journal={Autonomous Agents and Multi-Agent Systems},
  volume={26},
  number={1},
  pages={120--140},
  year={2013}
}

@ARTICLE{Kuhn55thehungarian,
    author = {H. W. Kuhn},
    title = {The Hungarian method for the assignment problem},
    journal = {Naval Res. Logist. Quart},
    year = {1955},
    pages = {83--97}
}


@ARTICLE{Kuhn56thehungarian,
    author = {H. W. Kuhn},
    title = {Variants of the Hungarian method for assignment problems},
    journal = {Naval Res. Logist. Quart},
    year = {1956},
    pages = {253--258}
}

@article{Munkres1957Assignment,
  added-at = {2011-12-12T19:01:11.000+0100},
  author = {Munkres, James R.},
  journal = {Journal of the Society for Industrial and Applied Mathematics},
  month = {March},
  number = 1,
  pages = {32--38},
  title = {{Algorithms for the Assignment and Transportation Problems}},
  volume = 5,
  year = 1957
}
